%YAML 1.1
%TAG !u! tag:unity3d.com,2011:
--- !u!1 &3263130410375328231
GameObject:
  m_ObjectHideFlags: 0
  m_CorrespondingSourceObject: {fileID: 0}
  m_PrefabInstance: {fileID: 0}
  m_PrefabAsset: {fileID: 0}
  serializedVersion: 6
  m_Component:
  - component: {fileID: 3263130410375328229}
  - component: {fileID: 3263130410375328230}
  - component: {fileID: 5917389841293897325}
  - component: {fileID: 6747560972783060144}
  - component: {fileID: 5917389840027058143}
  m_Layer: 0
  m_Name: GameManager (New)
  m_TagString: Untagged
  m_Icon: {fileID: 0}
  m_NavMeshLayer: 0
  m_StaticEditorFlags: 0
  m_IsActive: 1
--- !u!4 &3263130410375328229
Transform:
  m_ObjectHideFlags: 0
  m_CorrespondingSourceObject: {fileID: 0}
  m_PrefabInstance: {fileID: 0}
  m_PrefabAsset: {fileID: 0}
  m_GameObject: {fileID: 3263130410375328231}
  m_LocalRotation: {x: 0, y: 0, z: 0, w: 1}
  m_LocalPosition: {x: 0, y: 0, z: -10}
  m_LocalScale: {x: 1, y: 1, z: 1}
  m_Children: []
  m_Father: {fileID: 0}
  m_RootOrder: 0
  m_LocalEulerAnglesHint: {x: 0, y: 0, z: 0}
--- !u!114 &3263130410375328230
MonoBehaviour:
  m_ObjectHideFlags: 0
  m_CorrespondingSourceObject: {fileID: 0}
  m_PrefabInstance: {fileID: 0}
  m_PrefabAsset: {fileID: 0}
  m_GameObject: {fileID: 3263130410375328231}
  m_Enabled: 1
  m_EditorHideFlags: 0
  m_Script: {fileID: 11500000, guid: eeb05e503cd25ed468aaaeac690806d1, type: 3}
  m_Name: 
  m_EditorClassIdentifier: 
  _mapGeneratorPrefab: {fileID: 6135773824601928044, guid: c6d4ab4cf1266bc44b5d7533f21ab52c, type: 3}
  _mapLevels:
  - {fileID: 2800000, guid: 17f39cccb32f544e0bbbfae40e5d5180, type: 3}
  - {fileID: 2800000, guid: bd3e062819a32451f908a93df8c043d8, type: 3}
  - {fileID: 2800000, guid: cdacc886927fd4742a8d0acb995c87db, type: 3}
  - {fileID: 2800000, guid: c058f6da6f554a646989fb546c16ef80, type: 3}
  - {fileID: 2800000, guid: 800dc24cdf9dc2f4b94796b92e960721, type: 3}
  - {fileID: 2800000, guid: ac871f02056e1a0459bc69259de21a88, type: 3}
  - {fileID: 2800000, guid: 0f90be96421ffcd41a42bd541342522f, type: 3}
  - {fileID: 2800000, guid: 29e578f9c14e3f848a69a278616ec6b3, type: 3}
  - {fileID: 2800000, guid: 7f5e49ba5e17edc45930a193c3dbf110, type: 3}
  - {fileID: 2800000, guid: b317e125abca4934eaa92389a7742877, type: 3}
  - {fileID: 2800000, guid: 6a90e9990673aa4488de813d4805e645, type: 3}
  - {fileID: 2800000, guid: 0cafbd54651743349af2d84090f9b9e7, type: 3}
  - {fileID: 2800000, guid: 629a886020af16b4a9638e9ae2269c0b, type: 3}
  - {fileID: 2800000, guid: 954b18d49842b264cb836c4912a75122, type: 3}
  - {fileID: 2800000, guid: 0a973564cce4603448c406efcb44762f, type: 3}
  - {fileID: 2800000, guid: 1ff0cff52f9a75e4bba2786fa071d9b4, type: 3}
  - {fileID: 2800000, guid: e980a72c1ee6ee947b8ce242ea77f1fe, type: 3}
  - {fileID: 2800000, guid: 0e21cd5812392754ab8f9bb64df1f0fc, type: 3}
  - {fileID: 2800000, guid: d2e496952100678438f42d024aefa6bb, type: 3}
  _afterLevelTexts:
  - {fileID: 4900000, guid: 8a2a029bedc0e3848bf33bae4a02005a, type: 3}
  - {fileID: 4900000, guid: 720351fcc365d2b49a650746f010e4d7, type: 3}
  - {fileID: 4900000, guid: a270af4357e25d54f887d8c92c03059d, type: 3}
  - {fileID: 4900000, guid: cdceda4bade6668449546f622ea69587, type: 3}
  - {fileID: 4900000, guid: e5e8d46ccdbabf040b38ebf334809db5, type: 3}
  - {fileID: 4900000, guid: d6a0847b7e6269d4a91cf4a5656507ed, type: 3}
  - {fileID: 4900000, guid: c84984d6bd1f6a641b4342ee2e7fa4dc, type: 3}
  - {fileID: 4900000, guid: 1a311f9b12a48994fb8ffdeabaea5c66, type: 3}
  - {fileID: 4900000, guid: 08df1b99ecdd1f548875020a8afe3887, type: 3}
  - {fileID: 4900000, guid: 3ffb5f238f671b6468ed9a1e62f9df5b, type: 3}
  - {fileID: 4900000, guid: 37e32d764e29ec346b1a82e7a551393e, type: 3}
  - {fileID: 4900000, guid: dfba8c36362342342a1904ff3afdb7e7, type: 3}
  - {fileID: 4900000, guid: 6b254013df72c904a8c7fda2abb1e8d2, type: 3}
  - {fileID: 4900000, guid: fbb22d7000f71504084d2d3a2eb905a1, type: 3}
  - {fileID: 4900000, guid: ff19db58d51aedb49ab87bde1ef54864, type: 3}
  - {fileID: 4900000, guid: b762ef72f0b97844cae4c1d5b2693b8a, type: 3}
  - {fileID: 4900000, guid: 1d85bcd1216b40b4e92bd09f15968c98, type: 3}
  - {fileID: 4900000, guid: a82e07a21dc987944bf75bf313600033, type: 3}
  _mainLevelCount: 17
  _levelLoadTime: 2
  _transitionScreen: {fileID: 0}
  _startScreen: {fileID: 0}
  _gameHUD: {fileID: 0}
  _victoryScreen: {fileID: 0}
  _deathScreen: {fileID: 0}
  _creditsScreen: {fileID: 0}
  music:
  - {fileID: 8300000, guid: 7081db4614a1d5b4c95eeb7ce2598357, type: 3}
  - {fileID: 8300000, guid: b21ea0e9d0d687f4f89eaf5af29d9487, type: 3}
  - {fileID: 8300000, guid: f570ee292c56dd44c8944a705301599a, type: 3}
--- !u!82 &5917389841293897325
AudioSource:
  m_ObjectHideFlags: 0
  m_CorrespondingSourceObject: {fileID: 0}
  m_PrefabInstance: {fileID: 0}
  m_PrefabAsset: {fileID: 0}
  m_GameObject: {fileID: 3263130410375328231}
  m_Enabled: 1
  serializedVersion: 4
  OutputAudioMixerGroup: {fileID: 0}
  m_audioClip: {fileID: 0}
  m_PlayOnAwake: 1
  m_Volume: 1
  m_Pitch: 1
  Loop: 0
  Mute: 0
  Spatialize: 0
  SpatializePostEffects: 0
  Priority: 128
  DopplerLevel: 1
  MinDistance: 1
  MaxDistance: 500
  Pan2D: 0
  rolloffMode: 0
  BypassEffects: 0
  BypassListenerEffects: 0
  BypassReverbZones: 0
  rolloffCustomCurve:
    serializedVersion: 2
    m_Curve:
    - serializedVersion: 3
      time: 0
      value: 1
      inSlope: 0
      outSlope: 0
      tangentMode: 0
      weightedMode: 0
      inWeight: 0.33333334
      outWeight: 0.33333334
    - serializedVersion: 3
      time: 1
      value: 0
      inSlope: 0
      outSlope: 0
      tangentMode: 0
      weightedMode: 0
      inWeight: 0.33333334
      outWeight: 0.33333334
    m_PreInfinity: 2
    m_PostInfinity: 2
    m_RotationOrder: 4
  panLevelCustomCurve:
    serializedVersion: 2
    m_Curve:
    - serializedVersion: 3
      time: 0
      value: 0
      inSlope: 0
      outSlope: 0
      tangentMode: 0
      weightedMode: 0
      inWeight: 0.33333334
      outWeight: 0.33333334
    m_PreInfinity: 2
    m_PostInfinity: 2
    m_RotationOrder: 4
  spreadCustomCurve:
    serializedVersion: 2
    m_Curve:
    - serializedVersion: 3
      time: 0
      value: 0
      inSlope: 0
      outSlope: 0
      tangentMode: 0
      weightedMode: 0
      inWeight: 0.33333334
      outWeight: 0.33333334
    m_PreInfinity: 2
    m_PostInfinity: 2
    m_RotationOrder: 4
  reverbZoneMixCustomCurve:
    serializedVersion: 2
    m_Curve:
    - serializedVersion: 3
      time: 0
      value: 1
      inSlope: 0
      outSlope: 0
      tangentMode: 0
      weightedMode: 0
      inWeight: 0.33333334
      outWeight: 0.33333334
    m_PreInfinity: 2
    m_PostInfinity: 2
    m_RotationOrder: 4
--- !u!82 &6747560972783060144
AudioSource:
  m_ObjectHideFlags: 0
  m_CorrespondingSourceObject: {fileID: 0}
  m_PrefabInstance: {fileID: 0}
  m_PrefabAsset: {fileID: 0}
  m_GameObject: {fileID: 3263130410375328231}
  m_Enabled: 1
  serializedVersion: 4
  OutputAudioMixerGroup: {fileID: 0}
  m_audioClip: {fileID: 0}
  m_PlayOnAwake: 1
  m_Volume: 1
  m_Pitch: 1
  Loop: 0
  Mute: 0
  Spatialize: 0
  SpatializePostEffects: 0
  Priority: 128
  DopplerLevel: 1
  MinDistance: 1
  MaxDistance: 500
  Pan2D: 0
  rolloffMode: 0
  BypassEffects: 0
  BypassListenerEffects: 0
  BypassReverbZones: 0
  rolloffCustomCurve:
    serializedVersion: 2
    m_Curve:
    - serializedVersion: 3
      time: 0
      value: 1
      inSlope: 0
      outSlope: 0
      tangentMode: 0
      weightedMode: 0
      inWeight: 0.33333334
      outWeight: 0.33333334
    - serializedVersion: 3
      time: 1
      value: 0
      inSlope: 0
      outSlope: 0
      tangentMode: 0
      weightedMode: 0
      inWeight: 0.33333334
      outWeight: 0.33333334
    m_PreInfinity: 2
    m_PostInfinity: 2
    m_RotationOrder: 4
  panLevelCustomCurve:
    serializedVersion: 2
    m_Curve:
    - serializedVersion: 3
      time: 0
      value: 0
      inSlope: 0
      outSlope: 0
      tangentMode: 0
      weightedMode: 0
      inWeight: 0.33333334
      outWeight: 0.33333334
    m_PreInfinity: 2
    m_PostInfinity: 2
    m_RotationOrder: 4
  spreadCustomCurve:
    serializedVersion: 2
    m_Curve:
    - serializedVersion: 3
      time: 0
      value: 0
      inSlope: 0
      outSlope: 0
      tangentMode: 0
      weightedMode: 0
      inWeight: 0.33333334
      outWeight: 0.33333334
    m_PreInfinity: 2
    m_PostInfinity: 2
    m_RotationOrder: 4
  reverbZoneMixCustomCurve:
    serializedVersion: 2
    m_Curve:
    - serializedVersion: 3
      time: 0
      value: 1
      inSlope: 0
      outSlope: 0
      tangentMode: 0
      weightedMode: 0
      inWeight: 0.33333334
      outWeight: 0.33333334
    m_PreInfinity: 2
    m_PostInfinity: 2
    m_RotationOrder: 4
--- !u!82 &5917389840027058143
AudioSource:
  m_ObjectHideFlags: 0
  m_CorrespondingSourceObject: {fileID: 0}
  m_PrefabInstance: {fileID: 0}
  m_PrefabAsset: {fileID: 0}
  m_GameObject: {fileID: 3263130410375328231}
  m_Enabled: 1
  serializedVersion: 4
  OutputAudioMixerGroup: {fileID: 0}
  m_audioClip: {fileID: 0}
  m_PlayOnAwake: 1
  m_Volume: 1
  m_Pitch: 1
  Loop: 0
  Mute: 0
  Spatialize: 0
  SpatializePostEffects: 0
  Priority: 128
  DopplerLevel: 1
  MinDistance: 1
  MaxDistance: 500
  Pan2D: 0
  rolloffMode: 0
  BypassEffects: 0
  BypassListenerEffects: 0
  BypassReverbZones: 0
  rolloffCustomCurve:
    serializedVersion: 2
    m_Curve:
    - serializedVersion: 3
      time: 0
      value: 1
      inSlope: 0
      outSlope: 0
      tangentMode: 0
      weightedMode: 0
      inWeight: 0.33333334
      outWeight: 0.33333334
    - serializedVersion: 3
      time: 1
      value: 0
      inSlope: 0
      outSlope: 0
      tangentMode: 0
      weightedMode: 0
      inWeight: 0.33333334
      outWeight: 0.33333334
    m_PreInfinity: 2
    m_PostInfinity: 2
    m_RotationOrder: 4
  panLevelCustomCurve:
    serializedVersion: 2
    m_Curve:
    - serializedVersion: 3
      time: 0
      value: 0
      inSlope: 0
      outSlope: 0
      tangentMode: 0
      weightedMode: 0
      inWeight: 0.33333334
      outWeight: 0.33333334
    m_PreInfinity: 2
    m_PostInfinity: 2
    m_RotationOrder: 4
  spreadCustomCurve:
    serializedVersion: 2
    m_Curve:
    - serializedVersion: 3
      time: 0
      value: 0
      inSlope: 0
      outSlope: 0
      tangentMode: 0
      weightedMode: 0
      inWeight: 0.33333334
      outWeight: 0.33333334
    m_PreInfinity: 2
    m_PostInfinity: 2
    m_RotationOrder: 4
  reverbZoneMixCustomCurve:
    serializedVersion: 2
    m_Curve:
    - serializedVersion: 3
      time: 0
      value: 1
      inSlope: 0
      outSlope: 0
      tangentMode: 0
      weightedMode: 0
      inWeight: 0.33333334
      outWeight: 0.33333334
    m_PreInfinity: 2
    m_PostInfinity: 2
    m_RotationOrder: 4
